<?xml version="1.0" encoding="UTF-8"?><collection xmlns="http://www.loc.gov/MARC21/slim"><record><leader>00401nam--2200157-i-4500</leader><controlfield tag="001">000027818</controlfield><controlfield tag="002">20161230</controlfield><controlfield tag="005">20170121235751</controlfield><controlfield tag="008">060222s1000------------r-----000-0-eng-d</controlfield><datafield ind1=" " ind2=" " tag="080"><subfield code="a">614.876:621.039.58</subfield></datafield><datafield ind1=" " ind2=" " tag="100"><subfield code="a">Laurence, G. C</subfield></datafield><datafield ind1=" " ind2=" " tag="245"><subfield code="a">Reactor safety</subfield></datafield><datafield ind1=" " ind2=" " tag="260"><subfield code="a">Chalk River</subfield><subfield code="b">Atomic Energy Of Canada Limited</subfield><subfield code="c">1957</subfield></datafield><datafield ind1=" " ind2=" " tag="300"><subfield code="a">29 p. + 1 p</subfield></datafield><datafield ind1=" " ind2=" " tag="852"><subfield code="a">12504</subfield></datafield><datafield ind1=" " ind2=" " tag="CAT"><subfield code="a">SYS</subfield><subfield code="c">20170121</subfield><subfield code="h">235751</subfield></datafield></record></collection>